@article{li,
    author = {Li, Yaguang and Bedding, Timothy R and Li, Tanda and Bi, Shaolan and Murphy, Simon J and Corsaro, Enrico and Chen, Li and Tian, Zhijia},
    title = {Asteroseismology of KIC 7107778: a binary comprising almost identical subgiants},
    journal = {Monthly Notices of the Royal Astronomical Society},
    volume = {476},
    number = {1},
    pages = {470-481},
    year = {2018},
    doi = {10.1093/mnras/sty222},
    URL = {http://dx.doi.org/10.1093/mnras/sty222},
    eprint = {/oup/backfile/content_public/journal/mnras/476/1/10.1093_mnras_sty222/3/sty222.pdf}
}

@article{pymc3,
    author = {Salvatier, J and Wiecki, TV and Fonnesbeck, C},
    title = {Probabilistic programming in Python using PyMC3},
    journal = {PeerJ Computer Science},
    number = {2},
    volume = {55},
    URL = {https://doi.org/10.7717/peerj-cs.55},
    doi = {10.7717/peerj-cs.55},
    year = {2016},
}

@article{halfcauchy,
   author = {{Polson}, N.~G. and {Scott}, J.~G.},
    title = "{On the half-Cauchy prior for a global scale parameter}",
  journal = {ArXiv e-prints},
archivePrefix = "arXiv",
   eprint = {1104.4937},
 primaryClass = "stat.ME",
 keywords = {Statistics - Methodology},
     year = 2011,
    month = apr,
   adsurl = {http://adsabs.harvard.edu/abs/2011arXiv1104.4937P},
  adsnote = {Provided by the SAO/NASA Astrophysics Data System},
}
